% Artykuł w recenzowanym czasopiśmie.
@article{szczypiorski2015,
    author    = "Szczypiorski, K. and Janicki, A. and Wendzel, S",
    title     = "{T}he {G}ood, {T}he {B}ad {A}nd {T}he {U}gly: {E}valuation of {W}i-{F}i {S}teganography",
    journal   = "Journal of Communications",
    volume    = "10",
    number    = "10",
    pages     = "747--752",
    publisher = "Journal of Communications (JCM)",
    year      = "2015",
}

% Książka.
@book{goossens93,
    author    = "Michel Goossens and Frank Mittelbach and Alexander Samarin",
    title     = "The LaTeX Companion",
    publisher = "Addison-Wesley",
    address   = "Reading, Massachusetts",
    year      = "1993",
}

% Fragment książki (np. zakres stron).
@inbook{wang97,
    author      = "Hao Wang",
    title       = "A Logical Journey: From G{\"o}del to Philosophy.",
    publisher   = "A Bradford Book",
    pages       = "316",
    year        = "1997"
}

% Fragment książki (np. esej), posiadający własny tytuł.
@incollection{goedel95,
    author      = "Kurt G{\"o}del",
    title       = "Texts relating to the ontological proof",
    booktitle   = "Unpublished Essays and Lectures",
    publisher   = "Oxford University Press",
    pages       = "429--437",
    year        = "1995",
}

% Publikacja konferencyjna.
@inproceedings{benzmuller2014,
    author       = "{Ch}. Benzmuller and B. W. Paleo",
    title        = "Automating {G\"o}del’s {O}ntological {P}roof of {G}od’s {E}xistence with {H}igher-order {A}utomated {T}heorem {P}rovers",
    booktitle    = "European	Conference on Artificial Intelligence",
    publisher    = "IOS Press",
    howpublished = "Dostęp zdalny (10.04.2019): \url{http://page.mi.fu-berlin.de/cbenzmueller/papers/C40.pdf}",
    year         = "2014",
}

% Raport techniczny.
@techreport{duqu2011,
    author      = "Bencsáth, B. and Pék, G. and Buttyán, L. and Félegyházi M.",
    title       = "{D}uqu: {A} {S}tuxnet-like malware found in the wild",
    institution = "Laboratory of Cryptography and System Security, Hungary",
    year        = "2011"
}

% Specyfikacja techniczna.
@manual{shs2015,
    title        = "{FIPS} 180-4: {S}ecure {H}ash {S}tandard ({SHS})",
    howpublished = "Dostęp zdalny (13.03.2019): \url{https://nvlpubs.nist.gov/nistpubs/FIPS/NIST.FIPS.180-4.pdf}",
    year         = "2015"
}

% Praca magisterska.
@mastersthesis{wozniak2018,
    author = "Woźniak, Piotr",
    title  = "{P}rogramowanie kwadratowe w usuwaniu efektu rozmycia ruchu w fotografii cyfrowej",
    school  = "Wydział Elektroniki i Technik Informacyjnych, Politechnika Warszawska",
    year   = "2018",
}

% Nieopublikowany artykuł, dostępny np. tylko w internecie.
@unpublished{koons2005,
    author = "Koons, Robert C.",
    title  = "{S}obel on {G\"o}del’s {O}ntological {P}roof",
    note   = "Dostęp zdalny (25.04.2019): \url{http://www.robkoons.net/media/69b0dd04a9d2fc6dffff80b4ffffd524.pdf}",
    year   = "2005"
}

% Źródło innego typu, np. repozytorium na GitHubie.
@misc{dcp19,
    author       = "Brodzki, Artur M.",
    title        = "{I}mplementation of own steganography protocol {DCP}-19, loosely based on {HICCUPS}",
    howpublished = "Dostęp zdalny (14.03.2019): \url{https://github.com/ArturB/DCP-19}",
    year         = "2019"
}

@article{chinchiuan2014,
 author = {Chin-Chiuan, L. and Kuo-Chen, H.},
 title = {Effects of Lighting Color, Illumination Intensity, and Text Color on Visual Performance},
 journal = {International Journal of Applied Science and Engineering},
 volume = {12},
 number = {3},
 pages = {193-202},
 year =  {2014},
}

@article{dai2014,
 author = {Dai, C. and Lan, L. and Lian, Z},
 title = {Method for the determination of optimal work environment in office buildings considering energy consumption and human performance},
 journal = {Energy and Buildings},
 volume = {76},
 pages = {278-283},
 year =  {2014},
}

@online{fielding1999,
  author = {Fielding, R. and Mogul, J. and Gettys, J. and Frystyk, H. and Masinter, J. and Berners-Lee, T. and Leach, P},
  title = {rfc2616},
  year = {1999},
  url = {https://datatracker.ietf.org/doc/html/rfc2616#section-10},
  urldate = {2022-01-08}
}

@article{hedge2005,
 author = {Hedge, A. and Sakr, W. and Agarwal, A},
 title = {Thermal Effects on Office Productivity},
 journal = {Proceedings of the Human Factors and Ergonomics Society Annual Meeting},
 volume = {49},
 number = {8},
 pages = {8},
 year =  {2005},
}

@online{Imt.org2015,
  author = {Institute for Market Transformation},
  title = {ENERGY BENCHMARKING AND TRANSPARENCY},
  year = {2015},
  url = {https://www.imt.org/wp-content/uploads/2018/02/IMTBenefitsofBenchmarking_Online_June2015.pdf},
  urldate = {2022-01-08}
}



@article{Lan2012,
 author = {Lan, L. and Wargocki, P. and Lian, Z},
 title = {Optimal thermal environment improves performance of office work},
 journal = {Rehva},
 pages = {12-17},
 year =  {2012},
}

@article{liu2017,
 author = {Liu, T. and Lin, C. and Huang, K. and Chen, Y},
 title = {Effects of noise type, noise intensity, and illumination intensity on reading performance},
 journal = {Applied Acoustics},
 volume = {120},
 pages = {70-74},
 year =  {2017},
}

@article{oseland2012,
 author = {Oseland, N. and Burton, A},
 title = {Quantifying the impact of environmental conditions on worker performance for inputting to a business case to justify enhanced workplace design features},
 journal = {Journal of Building Survey},
 volume = {1},
 number = {2},
 pages = {151-164},
 year =  {2012},
}

@online{richardson2021,
  author = {Richardson, C},
  title = {Microservices Pattern: Database per service},
  year = {2021},
  url = {https://microservices.io/patterns/data/database-per-service.html},
  urldate = {2022-01-08}
}

@online{sharp2022,
  author = {Sharp},
  title = {Monitor do współpracy w systemie Windows},
  year = {2022},
  url = {https://www.sharp.pl/cps/rde/xchg/pl/hs.xsl/-/html/windows-collaboration-display.htm},
  urldate = {2022-01-08}
}

@online{vickers2021,
  author = {Vickers, A},
  title = {Identity model customization in ASP.NET Core},
  year = {2021},
  url = {https://docs.microsoft.com/en-us/aspnet/core/security/authentication/customize-identity-model?view=aspnetcore-5.0#the-identity-model},
  urldate = {2022-01-08}
}

@book{newman2015,
  author = {Sam Newman},
  year = {2015},
  title = {Building microservices},
  publisher = {O'Reilly}
}