@article{chinchiuan:2014ac,
 author = {Chin-Chiuan, L. and Kuo-Chen, H.},
 title = {Effects of Lighting Color, Illumination Intensity, and Text Color on Visual Performance},
 journal = {International Journal of Applied Science and Engineering},
 volume = {12},
 number = {3},
 pages = {193-202},
 year =  {2014},
}

@article{dai:2014ad,
 author = {Dai, C. and Lan, L. and Lian, Z},
 title = {Method for the determination of optimal work environment in office buildings considering energy consumption and human performance},
 journal = {Energy and Buildings},
 volume = {76},
 pages = {278-283},
 year =  {2014},
}

@online{fielding:1999ae,
  author = {Fielding, R. and Mogul, J. and Gettys, J. and Frystyk, H. and Masinter, J. and Berners-Lee, T. and Leach, P},
  title = {rfc2616},
  year = {1999},
  url = {https://datatracker.ietf.org/doc/html/rfc2616#section-10},
  urldate = {2022-01-08}
}

@article{hedge:2005af,
 author = {Hedge, A. and Sakr, W. and Agarwal, A},
 title = {Thermal Effects on Office Productivity},
 journal = {Proceedings of the Human Factors and Ergonomics Society Annual Meeting},
 volume = {49},
 number = {8},
 pages = {8},
 year =  {2005},
}

@online{Imt.org:2015ag,
  author = {Institute for Market Transformation},
  title = {ENERGY BENCHMARKING AND TRANSPARENCY},
  year = {2015},
  url = {https://www.imt.org/wp-content/uploads/2018/02/IMTBenefitsofBenchmarking_Online_June2015.pdf},
  urldate = {2022-01-08}
}



@article{Lan:2012ah,
 author = {Lan, L. and Wargocki, P. and Lian, Z},
 title = {Optimal thermal environment improves performance of office work},
 journal = {Rehva},
 pages = {12-17},
 year =  {2012},
}

@article{liu:2017aj,
 author = {Liu, T. and Lin, C. and Huang, K. and Chen, Y},
 title = {Effects of noise type, noise intensity, and illumination intensity on reading performance},
 journal = {Applied Acoustics},
 volume = {120},
 pages = {70-74},
 year =  {2017},
}

@article{oseland:2012ak,
 author = {Oseland, N. and Burton, A},
 title = {Quantifying the impact of environmental conditions on worker performance for inputting to a business case to justify enhanced workplace design features},
 journal = {Journal of Building Survey},
 volume = {1},
 number = {2},
 pages = {151-164},
 year =  {2012},
}

@online{richardson:2021al,
  author = {Richardson, C},
  title = {Microservices Pattern: Database per service},
  year = {2021},
  url = {https://microservices.io/patterns/data/database-per-service.html},
  urldate = {2022-01-08}
}

@online{sharp:2022am,
  author = {Sharp},
  title = {Monitor do współpracy w systemie Windows},
  year = {2022},
  url = {https://www.sharp.pl/cps/rde/xchg/pl/hs.xsl/-/html/windows-collaboration-display.htm},
  urldate = {2022-01-08}
}

@online{vickers:2021an,
  author = {Vickers, A},
  title = {Identity model customization in ASP.NET Core},
  year = {2021},
  url = {https://docs.microsoft.com/en-us/aspnet/core/security/authentication/customize-identity-model?view=aspnetcore-5.0#the-identity-model},
  urldate = {2022-01-08}
}

@book{newman:2015ap,
  author = {Sam Newman},
  year = {2015},
  title = {Building microservices},
  publisher = {O'Reilly}
}